%% This BibTeX bibliography file was created using BibDesk.
%% https://bibdesk.sourceforge.io/

%% Created for Jake Bruner at 2022-08-23 18:10:05 -0400 


%% Saved with string encoding Unicode (UTF-8) 



@article{elgamal,
	author = {Taher Elgamal},
	date-added = {2022-08-23 18:07:14 -0400},
	date-modified = {2022-08-23 18:10:00 -0400},
	doi = {10.1109/TIT.1985.1057074},
	journal = {IEEE Transactions on Information Theory },
	number = {4},
	pages = {469-472},
	publisher = {Institute of Electrical and Electronics Engineers},
	title = { A Public-Key Cryptosystem and a Signature Scheme Based on Discrete Logarithms},
	volume = {31},
	year = {1985}}

@book{aschbacher,
	author = {Michael Aschbacher},
	date-added = {2022-08-23 16:57:00 -0400},
	date-modified = {2022-08-23 16:58:46 -0400},
	number = {7},
	pages = {736-740},
	publisher = {American Mathematical Society},
	series = {Notices of the American Mathematical Society},
	title = {The Status of the Classification of the Finite Simple Groups},
	url = {https://www.ams.org/notices/200407/fea-aschbacher.pdf},
	volume = {51},
	year = {2004}}

@book{dummit,
	author = {David S. Dummit, Richard M. Foote},
	date-added = {2022-08-23 15:07:04 -0400},
	date-modified = {2022-08-23 15:07:38 -0400},
	edition = {3},
	isbn = {9780471433347},
	publisher = {Wiley},
	title = {Abstract Algebra},
	year = {2004},
	bdsk-url-1 = {libgen.li/file.php?md5=d462bfac07bc8bb02d25fb49c57d617d}}

@book{diana,
	date-added = {2022-08-22 15:23:12 -0400},
	date-modified = {2022-08-22 15:25:43 -0400},
	publisher = {National Security Agency},
	series = {The David G. Boak Lectures},
	title = {A History of U.S. Communication Security},
	url = {https://www.governmentattic.org/18docs/Hist_US_COMSEC_Boak_NSA_1973u.pdf},
	volume = {1},
	year = {1973},
	bdsk-url-1 = {https://www.governmentattic.org/18docs/Hist_US_COMSEC_Boak_NSA_1973u.pdf}}

@book{claude,
	author = {Claude E. Shannon},
	date-added = {2022-08-21 21:24:03 -0400},
	date-modified = {2022-08-21 21:29:05 -0400},
	doi = {10.1002/j.1538-7305.1949.tb00928.x},
	issue = {4},
	pages = {656-715},
	publisher = {The Bell System Technical Journal},
	title = {Communication Theory of Secrecy Systems},
	volume = {28},
	year = {1949},
	bdsk-url-1 = {https://doi.org/10.1002/j.1538-7305.1949.tb00928.x}}

@article{lewand,
	author = {Robert Edward Lewand},
	date-added = {2022-08-21 21:19:53 -0400},
	date-modified = {2022-08-21 21:20:55 -0400},
	issn = {00255572},
	journal = {The Mathematical Gazette},
	number = {531},
	pages = {401--411},
	publisher = {Mathematical Association},
	title = {The Perfect Cipher},
	url = {http://www.jstor.org/stable/25759724},
	urldate = {2022-05-21},
	volume = {94},
	year = {2010},
	bdsk-url-1 = {http://www.jstor.org/stable/25759724}}

@book{cormen,
	author = {Thomas H. Cormen, Charles E. Leiserson, Ronald L. Rivest, Clifford Stein},
	date-added = {2022-08-21 21:09:06 -0400},
	date-modified = {2022-08-21 21:10:25 -0400},
	edition = {2},
	isbn = {0070131511; 9780070131514},
	publisher = {The MIT Press},
	title = {Introduction To Algorithms},
	url = {libgen.li/file.php?md5=55e8f1dd651a992b062b0148d292f7ef},
	year = {2001},
	bdsk-url-1 = {libgen.li/file.php?md5=55e8f1dd651a992b062b0148d292f7ef}}

@book{haese,
	author = {Michael Haese, Mark Humphries, Chris Sangwin, Ngoc Vo},
	date-added = {2022-08-21 21:06:47 -0400},
	date-modified = {2022-08-21 21:07:05 -0400},
	isbn = {1925489590},
	publisher = {Haese Mathematics},
	series = {Haese Mathematics},
	title = {Mathematics: Analysis and Approaches HL},
	year = {2019},
	bdsk-url-1 = {libgen.li/file.php?md5=34cf7efb24d65c3db5bd9a65aa9615a2}}

@book{apostol,
	author = {Tom M. Apostol},
	date-added = {2022-08-21 21:02:49 -0400},
	date-modified = {2022-08-21 21:04:07 -0400},
	edition = {2},
	isbn = {0387971270},
	publisher = {Springer},
	series = {Graduate Texts in Mathematics No. 41},
	title = {Modular Functions and Dirichlet Series in Number Theory},
	year = {1976},
	bdsk-url-1 = {libgen.li/file.php?md5=6d5dd098307ad62fa6ff721374994ccc}}

@book{saracino,
	author = {Dan Saracino},
	date-added = {2022-08-21 15:43:47 -0400},
	date-modified = {2022-08-21 15:44:08 -0400},
	edition = {2},
	isbn = {1577665368},
	title = {Abstract Algebra},
	year = {2008},
	bdsk-url-1 = {libgen.li/file.php?md5=f4e167f8301d0819b7823bad8af6a75c}}

@book{koblitz,
	author = {Neal Koblitz},
	date-added = {2022-08-21 15:13:18 -0400},
	date-modified = {2022-08-21 15:37:15 -0400},
	edition = {2},
	isbn = {9781461264422},
	publisher = {Springer},
	read = {0},
	series = {Graduate Texts in Mathematics No. 114},
	title = {A Course in Number Theory and Cryptography},
	year = {1994},
	bdsk-url-1 = {libgen.li/file.php?md5=446a3de28219ec36f2160013108280bf}}
